@misc {marcoPedagogico,
    author  = "Mondragon Unibertsitateko Zerbitzu Editoriala",
    title   = "Marco pedagógico",
    journal = "Mondragon Unibertsitea",
    year    = "2016-2017",
    howpublished = "\url{https://www.mondragon.edu/documents/20182/31371/mendeberri-2025-marco-pedagogico/beb8d630-2c50-465d-b6a1-90b0ce11a3ce}"
}

@misc {hezkuntzaEreduArdatzak,
    author  = "Mondragon Unibertsitateko Zerbitzu Editoriala",
    title   = "Hezkuntza ereduaren ardatzak",
    journal = "Mondragon Unibertsitatea",
    year    = "2017",
    howpublished = "\url{https://www.mondragon.edu/documents/20182/31371/ardatzak.pdf/fd9f9fa2-8d9b-4f10-befe-c7914b2c87ef}"
}

@misc {metodologiaParticipativa,
    author  = "Fernando López Noguero",
    title   = "Metodología participativa en la Enseñanza Universitaria",
    journal = "Narcea Ediciones",
    year    = "2007",
    howpublished = "\url{https://books.google.es/books?hl=es&lr=&id=nePOeTgnXgUC&oi=fnd&pg=PA11&dq=metodolog\%C3\%ADa+de+ense\%C3\%B1anza&ots=ymX12tA8Fa&sig=xqqi4w7XYu8hWc9IlzMR0vCdqbI#v=onepage&q&f=false}"
}

@misc {aprendizajeBasadoEnProblemas,
    author  = "Bernardo Restrepo Gómez",
    title   = "Aprendizaje basado en problemas (ABP)",
    journal = "Universidad de La Sabana, Facultad de Educación",
    year    = "2005",
    howpublished = "\url{https://dialnet.unirioja.es/servlet/articulo?codigo=2040741}"
}

@misc {profesorUniversitario,
    author  = "Òscar Mas Torelló",
    title   = "El Profesor universitario: sus competencias y formación",
    journal = "Universidad de Granada",
    year    = "2011",
    howpublished = "\url{https://www.redalyc.org/pdf/567/56722230013.pdf}"
}

@misc {modeloUniversitario,
    author  = "Ascensión Palomares Ruiz",
    title   = "El modelo docente universitario y el uso de nuevas metodologías en la enseñanza, aprendizaje y evaluación",
    journal = "CEU. Universidad de Castilla-La Mancha",
    year    = "2011",
    howpublished = "\url{http://www.revistaeducacion.mec.es/re355/re355_25.pdf}"
}

@misc {rendimientoAlumnos,
    author  = "Beatriz Corral",
    title   = "Inteligencia Artificial para mejorar el rendimiento de los alumnos",
    journal = "UNIR - La universidad en internet",
    year    = "2018",
    howpublished = "\url{https://www.unir.net/vive-unir/investigacion/noticias/inteligencia-artificial-para-mejorar-el-rendimiento-de-los-alumnos/549203633999/}"
}

@misc {riesgoDejarEstudios,
    author  = "Isabel S.",
    title   = "Cómo la inteligencia artificial afecta la gestión educacional",
    journal = "u-planner",
    year    = "2016",
    howpublished = "\url{https://www.u-planner.com/es/blog/uso-de-inteligencia-artificial-en-gestion-educacional}"
}

@misc {appsEvaluacionEstudiantes,
    author  = "Educación 3.0",
    title   = "Apps, plataformas y herramientas para evaluar a los estudiantes",
    journal = "EDUCACIÓN 3.0",
    year    = "2017",
    howpublished = "\url{https://www.educaciontrespuntocero.com/recursos/apps-notas-alumnos-estudiantes/40413.html}"
}

% line in order to check if utf-8 is properly configured: áéíóúñ
